@article{carter2019merge,
  title={A merge-split proposal for reversible Monte Carlo Markov chain sampling of redistricting plans},
  author={Carter, Daniel and Herschlag, Gregory and Hunter, Zach and Mattingly, Jonathan},
  journal={arXiv preprint arXiv:1911.01503},
  year={2019},
  annotate={}
}

@article{najt2019complexity,
  title={Complexity and geometry of sampling connected graph partitions},
  author={Najt, Lorenzo and Deford, Daryl and Solomon, Justin},
  journal={arXiv preprint arXiv:1908.08881},
  year={2019}
  annotate={Look at this!}
}

@misc{najt2020empirical,
      title={Empirical Sampling of Connected Graph Partitions for Redistricting}, 
      author={Lorenzo Najt and Daryl DeFord and Justin Solomon},
      year={2020},
      eprint={2012.04564},
      archivePrefix={arXiv},
      primaryClass={physics.soc-ph}
}

@article{bar2020gerrymandering,
  title={The gerrymandering jumble: Map projections permute districtsâ€™ compactness scores},
  author={Bar-Natan, Assaf and Najt, Lorenzo and Schutzman, Zachary},
  journal={Cartography and Geographic Information Science},
  volume={47},
  number={4},
  pages={321--335},
  year={2020},
  publisher={Taylor \& Francis}
}

@article{ellenberg2021geometry,
  title={Geometry, inference, complexity, and democracy},
  author={Ellenberg, Jordan},
  journal={Bulletin of the American Mathematical Society},
  volume={58},
  number={1},
  pages={57--77},
  year={2021}
}

@article{validi.buchanan.ea:imposing,
  title={Imposing contiguity constraints in political districting models},
  author={Validi, Hamidreza and Buchanan, Austin and Lykhovyd, Eugene},
  journal={Operations Research},
  year={2021},
  publisher={INFORMS}
}
